%! Author = peiva
%! Date = 24/10/23

% insert bibliography references here in bibtex format

@InProceedings{9057895,
  author={Ghose, Shreyasi and Singh, Nishi and Singh, Prabhishek},
  booktitle={2020 10th International Conference on Cloud Computing, Data Science and Engineering (Confluence)},
  title={Image Denoising using Deep Learning: Convolutional Neural Network},
  year={2020},
  volume={},
  number={},
  pages={511-517},
  doi={10.1109/Confluence47617.2020.9057895}
}

@Misc{guo2019convolutional,
      title={Toward Convolutional Blind Denoising of Real Photographs},
      author={Shi Guo and Zifei Yan and Kai Zhang and Wangmeng Zuo and Lei Zhang},
      year={2019},
      eprint={1807.04686},
      archivePrefix={arXiv},
      primaryClass={cs.CV}
}

@Article{1284395,
  author={Zhou Wang and Bovik, A.C. and Sheikh, H.R. and Simoncelli, E.P.},
  journal={IEEE Transactions on Image Processing},
  title={Image quality assessment: from error visibility to structural similarity},
  year={2004},
  volume={13},
  number={4},
  pages={600-612},
  doi={10.1109/TIP.2003.819861}
}

